@misc{project,
  title = {Defect Prediction on Production Line by VALEO},
  author = "",
  howpublished = {\url{https://challengedata.ens.fr/challenges/36}},
  note = {Accessed: 2023}
}

@misc{valeo,
  title = {Valeo},
  howpublished = {\url{https://www.valeo.com/fr/}},
  note = {Accessed: 2023}
}

@misc{test,
  title = {Test},
  author = "test",
  howpublished = {\url{https://test}},
  note = {Accessed: 9999}
}
